@inproceedings{GCN-for-webscale-Recommender,
  author = {Ying, Rex and He, Ruining and Chen, Kaifeng and Eksombatchai, Pong and Hamilton, William L. and Leskovec, Jure},
  title  = {Graph Convolutional Neural Networks for Web-Scale Recommender Systems},
  year   = {2018},
  series = {KDD '18}
}

@online{Deep-Learning-on-Graphs-with-GCN,
  author  = {Tobias Skovgaard Jepsen},
  title   = {How to do Deep Learning on Graphs with Graph Convolutional Networks},
  year    = 2018,
  url     = {https://towardsdatascience.com/how-to-do-deep-learning-on-graphs-with-graph-convolutional-networks-7d2250723780},
  urldate = {2020-10-14}
}

@ARTICLE{Matrix-factorization-techniques,  
	author={Y. {Koren} and R. {Bell} and C. {Volinsky}},  
	journal={Computer},   
	title={Matrix Factorization Techniques for Recommender Systems},   
	year={2009},  
	volume={42},  
	number={8},  
	pages={30-37},
}
